@book{kubernetes-culigan,
    title =     {Kubernetes Native Microservices with Quarkus and MicroProfile},
    author =    {John Clingan, Ken Finnigan},
    publisher = {Manning Publications},
    isbn =      {1617298654; 9781617298653},
    year =      {2022},
    edition =   {1},
    url =       {libgen.li/file.php?md5=de5f6d295132e0770fd881c4b3e1a8e4}
}

@book{jakarta-recipes,
    title =     {Java EE to Jakarta EE 10 Recipes: A Problem-Solution Approach for Enterprise Java},
    author =    {Josh Juneau, Tarun Telang},
    publisher = {Apress},
    isbn =      {1484280784; 9781484280782},
    year =      {2022},
    edition =   {3},
    url =       {libgen.li/file.php?md5=a7dd149dac449b8fc0f08211095b0681}
}

@online{jee-spec,
    organization = {Java EE Expert group},
    title  = {Java EE Platform Specification},
    year = {2022},
    url  = "https://javaee.github.io/javaee-spec/",
}

@book{eip,
    title =     {Enterprise Integration Patterns: Designing, Building, and Deploying Messaging Solutions},
    author =    {Gregor Hohpe, Bobby Woolf},
    publisher = {Addison-Wesley Professional},
    isbn =      {9780321200686; 0321200683},
    year =      {2003},
    edition =   {1},
    url =       {libgen.li/file.php?md5=f175d067fc8c629bc4adc4f389e2205a}
}
